@misc{cox1970analysis,
	title={Analysis of Binary Data London: Methuen \&Co},
	author={Cox, DR},
	year={1970},
	publisher={Ltd}
}
@article{elizabeth2002preliminary,
	author = {Elizabeth N King and Thomas P Ryan},
	title = {A Preliminary Investigation of Maximum Likelihood Logistic Regression versus Exact Logistic Regression},
	journal = {The American Statistician},
	volume = {56},
	number = {3},
	pages = {163-170},
	year  = {2002},
	publisher = {Taylor & Francis},
	doi = {10.1198/00031300283},
	URL = {https://doi.org/10.1198/00031300283},
	eprint = {https://doi.org/10.1198/00031300283}
}
@article{yano2016genome,
	title={Genome-wide association study using whole-genome sequencing rapidly identifies new genes influencing agronomic traits in rice},
	author={Yano, Kenji and Yamamoto, Eiji and Aya, Koichiro and Takeuchi, Hideyuki and Lo, Pei-ching and Hu, Li and Yamasaki, Masanori and Yoshida, Shinya and Kitano, Hidemi and Hirano, Ko and others},
	journal={Nature genetics},
	volume={48},
	number={8},
	pages={927},
	year={2016}
}
@article{xu2000positional,
	title={Positional cloning},
	author={Xu, Lin and Li, Yefu},
	journal={Developmental Biology Protocols: Volume II},
	pages={285--296},
	year={2000}
}
@misc{gwasCatalog,
	title = {GWAS Catalog},
	author = {EMBL-EBI},
	howpublished = {https://www.ebi.ac.uk/gwas/home},
	note = {2021-01-10参照}
}
@book{kubo,
	　title={データ解析のための統計モデリング入門一般化線形モデル・階層ベイズモデル・MCMC},
	author={久保拓弥},
	year= {2012},
	publisher={岩波書店},
	series={確率と情報の科学},
}
@misc{souyaku_fujitu,
	title = {富士通とペプチドリーム、高速かつ高精度に中分子医薬候補化合物の探索を実現~「デジタルアニーラ」活用で創薬プロセスを飛躍的に短縮、新型コロナウィルス感染症の 治療薬開発への適用を目指す~},
	author = {岩井大介},
	howpublished = {https://pr.fujitsu.com/jp/news/2020/10/13c.pdf},
	note = {2021-01-13参照}
}
@misc{1qbit_,
	title = {QuantumInspired Hierarchical Risk Parity},
	author = {Alipour, Elham and Adolphs, Clemens and Zaribafiyan, Arman and Rounds, Maxwell},
	howpublished = {http://1qbit.com/files/white-papers/1QBit-White-Paper-–-Quantum-Inspired-Hierarchical-Risk-Parity.pdf},
	note = {2021-01-06参照}
}
@article{barahona1982computational,
	title={On the computational complexity of Ising spin glass models},
	author={Barahona, Francisco},
	journal={Journal of Physics A: Mathematical and General},
	volume={15},
	number={10},
	pages={3241},
	year={1982},
	publisher={IOP Publishing}
}
@article{tritchler1984efficient,
	ISSN = {01621459},
	URL = {http://www.jstor.org/stable/2288420},
	abstract = {An efficient algorithm is given for the exact logistic analysis of a single parameter. Hypothesis tests and confidence intervals for a logistic regression parameter are obtained. The method provides for the control of the effect of a stratification factor when making inferences concerning the regression parameter.},
	author = {David Tritchler},
	journal = {Journal of the American Statistical Association},
	number = {387},
	pages = {709--711},
	publisher = {[American Statistical Association, Taylor & Francis, Ltd.]},
	title = {An Algorithm for Exact Logistic Regression},
	volume = {79},
	year = {1984}
}
@article{hirji1987computing,
	title={Computing distributions for exact logistic regression},
	author={Hirji, Karim F and Mehta, Cyrus R and Patel, Nitin R},
	journal={Journal of the American Statistical Association},
	volume={82},
	number={400},
	pages={1110--1117},
	year={1987},
	publisher={Taylor \& Francis Group}
}
@article{mehta1995exact,
	title={Exact logistic regression: theory and examples},
	author={Mehta, Cyrus R and Patel, Nitin R},
	journal={Statistics in medicine},
	volume={14},
	number={19},
	pages={2143--2160},
	year={1995},
	publisher={Wiley Online Library}
}
@article{mehta1998exact,
	title={Exact inference for categorical data},
	author={Mehta, Cyrus R and Patel, Nitin R},
	journal={Encyclopedia of biostatistics},
	volume={2},
	pages={1411--1422},
	year={1998},
	publisher={John Wiley Chichester}
}
@article{mehta2000efficient,
	title={Efficient Monte Carlo methods for conditional logistic regression},
	author={Mehta, Cyrus R and Patel, Nitin R and Senchaudhuri, Pralay},
	journal={Journal of the American Statistical Association},
	volume={95},
	number={449},
	pages={99--108},
	year={2000},
	publisher={Taylor \& Francis Group}
}
@inproceedings{duverle2015privacy,
	title={Privacy-preserving statistical analysis by exact logistic regression},
	author={Duverle, David A and Kawasaki, Shohei and Yamada, Yoshiji and Sakuma, Jun and Tsuda, Koji},
	booktitle={2015 IEEE Security and Privacy Workshops},
	pages={7--16},
	year={2015},
	organization={IEEE}
}
@article{sundar2019quantum,
	title={A quantum algorithm to count weighted ground states of classical spin Hamiltonians},
	author={Sundar, Bhuvanesh and Paredes, Roger and Damanik, David T and Duenas-Osorio, Leonardo and Hazzard, Kaden RA},
	journal={arXiv preprint arXiv:1908.01745},
	year={2019}
}
@misc{d-wave,
	author = {D-wave},
	title = {D-Wave System Documentation},
	howpublished = {https://docs.dwavesys.com/docs/latest/},
	note = {2021-01-05参照}
}
@misc{dwave_advantage,
	author = {D-wave},
	title = {D-Wave Advantage System An Overview},
	howpublished = {https://www.dwavesys.com/sites/default/files/14-1049A-A\_The\_D-Wave\_Advantage\_System\_An\_Overview\_0.pdf},
	note = {2021-01-05参照}
}
@misc{digital_annealer,
	author = {富士通株式会社},
	title = {デジタルアニーラ},
	howpublished = {https://www.fujitsu.com/jp/digitalannealer/index.html},
	note = {2021-01-11参照}
}
@misc{cmos,
	author = {奥山 拓哉},
	title = {最適化ソリューション CMOSアニーリングの活用事例},
	howpublished = {http://scsr.jp/document/20201124\_SCSR\_okuyama.pdf},
	note = {2021-01-11参照}
}
@misc{sbm,
	author = {東芝デジタルソリューションズ 株式会社},
	title = {組合せ最適化ソルバー　Simulated Bifurcation Machine},
	howpublished = {https://www.toshiba-sol.co.jp/pro/sbm/index\_j.htm},
	note = {2021-01-11参照}
}
@misc{tsubasa,
	author = {日本電気株式会社},
	title = {NEC、量子コンピューティング領域に本格参入～スーパーコンピュータを活用したアニーリングマシンによる共創サービスを提供開始～},
	howpublished = {https://jpn.nec.com/press/201912/20191220\_01.html},
	note = {2021-01-11参照}
}
@article{hamerly2019experimental,
	title={Experimental investigation of performance differences between coherent Ising machines and a quantum annealer},
	author={Hamerly, Ryan and Inagaki, Takahiro and McMahon, Peter L and Venturelli, Davide and Marandi, Alireza and Onodera, Tatsuhiro and Ng, Edwin and Langrock, Carsten and Inaba, Kensuke and Honjo, Toshimori and others},
	journal={Science advances},
	volume={5},
	number={5},
	pages={eaau0823},
	year={2019},
	publisher={American Association for the Advancement of Science}
}
@article{mandra2017exponentially,
	title={Exponentially biased ground-state sampling of quantum annealing machines with transverse-field driving hamiltonians},
	author={Mandra, Salvatore and Zhu, Zheng and Katzgraber, Helmut G},
	journal={Physical review letters},
	volume={118},
	number={7},
	pages={070502},
	year={2017},
	publisher={APS}
}
@article{jaffe1983osteosarcoma,
	title={Osteosarcoma: Intra-arterial treatment of the primary tumor with cis-diammine-dichloroplatinum II (CDP): Angiographic, pathologic, and pharmacologic studies},
	author={Jaffe, Norman and Knapp, John and Chuang, Vincent P and Wallace, Sidney and Ayala, Alberto and Murray, John and Cangir, Ayten and Wang, Alexander and Benjamin, Robert S},
	journal={Cancer},
	volume={51},
	number={3},
	pages={402--407},
	year={1983},
	publisher={Wiley Online Library}
}
@article{dwave,
	title={Quantum annealing with manufactured spins},
	author={Johnson, Mark W and Amin, Mohammad HS and Gildert, Suzanne and Lanting, Trevor and Hamze, Firas and Dickson, Neil and Harris, R and Berkley, Andrew J and Johansson, Jan and Bunyk, Paul and others},
	journal={Nature},
	volume={473},
	number={7346},
	pages={194--198},
	year={2011},
	publisher={Nature Publishing Group}
}
@book{nishimori,
	title={量子アニーリングの基礎},
	author={西森秀稔, 大関真之},
	year={2018},
	publisher={共立出版株式会社}
}
@article{denchev2016computational,
	title={What is the computational value of finite-range tunneling?},
	author={Denchev, Vasil S and Boixo, Sergio and Isakov, Sergei V and Ding, Nan and Babbush, Ryan and Smelyanskiy, Vadim and Martinis, John and Neven, Hartmut},
	journal={Physical Review X},
	volume={6},
	number={3},
	pages={031015},
	year={2016},
	publisher={APS}
}
@article{ronnow2014defining,
	title={Defining and detecting quantum speedup},
	author={R{\o}nnow, Troels F and Wang, Zhihui and Job, Joshua and Boixo, Sergio and Isakov, Sergei V and Wecker, David and Martinis, John M and Lidar, Daniel A and Troyer, Matthias},
	journal={science},
	volume={345},
	number={6195},
	pages={420--424},
	year={2014},
	publisher={American Association for the Advancement of Science}
}
@article{kadowaki1998quantum,
	title={Quantum annealing in the transverse Ising model},
	author={Kadowaki, Tadashi and Nishimori, Hidetoshi},
	journal={Physical Review E},
	volume={58},
	number={5},
	pages={5355},
	year={1998},
	publisher={APS}
}
@article{mss,
	title={Nanomechanical membrane-type surface stress sensor},
	author={Yoshikawa, Genki and Akiyama, Terunobu and Gautsch, Sebastian and Vettiger, Peter and Rohrer, Heinrich},
	journal={Nano letters},
	volume={11},
	number={3},
	pages={1044--1048},
	year={2011},
	publisher={ACS Publications}
}
@misc{qeo,
	author = {IIARPA},
	title = {QEO},
	howpublished = {https://www.iarpa.gov/index.php/research-programs/qeo},
	note = {2021-01-09参照}
}
@article{maezawa2019toward,
	title={Toward practical-scale quantum annealing machine for prime factoring},
	author={Maezawa, Masaaki and Fujii, Go and Hidaka, Mutsuo and Imafuku, Kentaro and Kikuchi, Katsuya and Koike, Hanpei and Makise, Kazumasa and Nagasawa, Shuichi and Nakagawa, Hiroshi and Ukibe, Masahiro and others},
	journal={Journal of the Physical Society of Japan},
	volume={88},
	number={6},
	pages={061012},
	year={2019},
	publisher={The Physical Society of Japan}
}
@article{harris2010experimental,
	title={Experimental demonstration of a robust and scalable flux qubit},
	author={Harris, R and Johansson, J and Berkley, AJ and Johnson, MW and Lanting, T and Han, Siyuan and Bunyk, P and Ladizinsky, E and Oh, T and Perminov, I and others},
	journal={Physical Review B},
	volume={81},
	number={13},
	pages={134510},
	year={2010},
	publisher={APS}
}
@article{pbe,
	title={Correcting density functional theory for accurate predictions of compound enthalpies of formation: Fitted elemental-phase reference energies},
	author={Stevanovi{\'c}, Vladan and Lany, Stephan and Zhang, Xiuwen and Zunger, Alex},
	journal={Physical Review B},
	volume={85},
	number={11},
	pages={115104},
	year={2012},
	publisher={APS}
}
@article{gw_method,
	title={Band-structure calculations for the 3 d transition metal oxides in G W},
	author={Lany, Stephan},
	journal={Physical Review B},
	volume={87},
	number={8},
	pages={085112},
	year={2013},
	publisher={APS}
}
@article{gw_pbe_1,
	title={Band gaps and optical spectra of chlorographene, fluorographene and graphane from G0W0, GW0 and GW calculations on top of PBE and HSE06 orbitals},
	author={Karlicky, Frantisek and Otyepka, Michal},
	journal={Journal of chemical theory and computation},
	volume={9},
	number={9},
	pages={4155--4164},
	year={2013},
	publisher={ACS Publications}
}
@article{gw_pbe_2,
	title={Resolution of the band gap prediction problem for materials design},
	author={Crowley, Jason M and Tahir-Kheli, Jamil and Goddard III, William A},
	journal={The journal of physical chemistry letters},
	volume={7},
	number={7},
	pages={1198--1203},
	year={2016},
	publisher={ACS Publications}
}
@article{efm,
	title={Matminer: An open source toolkit for materials data mining},
	author={Ward, Logan and Dunn, Alexander and Faghaninia, Alireza and Zimmermann, Nils ER and Bajaj, Saurabh and Wang, Qi and Montoya, Joseph and Chen, Jiming and Bystrom, Kyle and Dylla, Maxwell and others},
	journal={Computational Materials Science},
	volume={152},
	pages={60--69},
	year={2018},
	publisher={Elsevier}
}
@article{1qbit,
	title={Optimal feature selection in credit scoring and classification using a quantum annealer},
	author={Milne, Andrew and Rounds, Maxwell and Goddard, Phil},
	year={2017},
	publisher={1QB Inf. Technol.}
}
@inproceedings{fm,
	title={Factorization machines},
	author={Rendle, Steffen},
	booktitle={2010 IEEE International Conference on Data Mining},
	pages={995--1000},
	year={2010},
	organization={IEEE}
}

